% Encoding: UTF-8
﻿

@Article{Almberg2012,
  author  = {Almberg, Emily S. and Cross, Paul C. and Dobson, Andy P. and Smith, D. W. and Hudson, P. J.},
  title   = {Parasite invasion following host reintroduction: a case study of Yellowstone's wolves},
  journal = {Philosophical Transactions of the Royal Society B: Biological Sciences},
  year    = {2012},
  volume  = {367},
  number  = {1604},
  pages   = {2840-2851},
  doi     = {10.1098/rstb.2011.0369},
  type    = {Journal Article},
  url     = {http://rstb.royalsocietypublishing.org/cgi/doi/10.1098/rstb.2011.0369},
}

@Article{Almberg2015,
  author  = {Almberg, E. S. and Cross, P. C. and Dobson, A. P. and Smith, D. W. and Metz, M. C. and Stahler, D. R. and Hudson, P. J.},
  title   = {Social living mitigates the costs of a chronic illness in a cooperative carnivore},
  journal = {Ecol Lett},
  year    = {2015},
  volume  = {18},
  number  = {7},
  pages   = {660-7},
  doi     = {10.1111/ele.12444},
  issn    = {1461-0248 (Electronic)
1461-023X (Linking)},
  type    = {Journal Article},
  url     = {http://www.ncbi.nlm.nih.gov/pubmed/25983011},
}

@Article{Almberg2016,
  author  = {Almberg, E. S. and Cross, P C and Hudson, P J and Dobson, A P and Smith, D W and Stahler, D. R.},
  title   = {Infectious diseases of wolves in Yellowstone},
  journal = {Yellowstone Science},
  year    = {2016},
  volume  = {24},
  number  = {1},
  pages   = {47-49},
  type    = {Journal Article},
}

@Article{Almberg2011a,
  author  = {Almberg, E.S. and Cross, P. C. and Johnson, C.J. and Heisey, D.M. and Richards, B.J.},
  title   = {Modeling routes of chronic wasting disease transmission: Environmental prion persistence promotes deer population decline and extinction},
  journal = {PLoS ONE},
  year    = {2011},
  volume  = {6},
  number  = {5},
  pages   = {e19896},
  type    = {Journal Article},
}

@Article{Almberg2010,
  author  = {Almberg, E.S. and Cross, P. C. and Smith, D.W.},
  title   = {Persistence of canine distemper virus in the Greater Yellowstone Ecosystem's carnivore community},
  journal = {Ecological Applications},
  year    = {2010},
  volume  = {20},
  number  = {7},
  pages   = {2058-2074},
  type    = {Journal Article},
}

@Article{Almberg2011,
  author  = {Almberg, E. S. and Mech, L. D. and Cross, P C and Smith, D W and Sheldon, J.W. and Crabtree, R.L.},
  title   = {Infectious disease in Yellowstone National Park’s canid community},
  journal = {Yellowstone Science},
  year    = {2011},
  volume  = {19},
  number  = {2},
  pages   = {16-25},
  type    = {Journal Article},
}

@Article{Bai2011,
  author  = {Bai, Y. and Cross, P. C. and Malania, L. and Kosoy, M.},
  title   = {Isolation of Bartonella capreoli from elk},
  journal = {Vet Microbiol},
  year    = {2011},
  volume  = {148},
  number  = {2-4},
  pages   = {329-32},
  doi     = {10.1016/j.vetmic.2010.09.022},
  issn    = {1873-2542 (Electronic)
0378-1135 (Linking)},
  type    = {Journal Article},
  url     = {https://www.ncbi.nlm.nih.gov/pubmed/20961711},
}

@Article{Bar-David2009,
  author  = {Bar-David, S. and Bar-David, I. and Cross, P. C. and Ryan, S.J. and Knechtel, C.U. and Getz, W. M.},
  title   = {Methods for assessing movement path recursion with application ot African buffalo in South Africa},
  journal = {Ecology},
  year    = {2009},
  volume  = {90},
  number  = {9},
  pages   = {2467-2479},
  type    = {Journal Article},
}

@Article{BenavidesInrevision,
  author  = {Benavides, J. A. and Caillaud, D and Scurlock, B M and Maichak, E.J. and Edwards, W H and Cross, P C},
  title   = {Estimating antibody titer loss from age-seroprevalence data of elk brucellosis},
  journal = {Ecohealth},
  year    = {In revision},
  volume  = {00},
  pages   = {000},
  type    = {Journal Article},
}

@Article{Benavides2014,
  author  = {Benavides, J. A. and Cross, P. C. and Luikart, G. and Creel, S.},
  title   = {Limitations to estimating bacterial cross-species transmission using genetic and genomic markers: inferences from simulation modeling},
  journal = {Evol Appl},
  year    = {2014},
  volume  = {7},
  number  = {7},
  pages   = {774-87},
  doi     = {10.1111/eva.12173},
  issn    = {1752-4571 (Electronic)
1752-4571 (Linking)},
  type    = {Journal Article},
  url     = {http://www.ncbi.nlm.nih.gov/pubmed/25469159},
}

@Article{Brennan2013a,
  author  = {Brennan, A. and Cross, P. C. and Ausband, D. E. and Barbknecht, A. and Creel, S.},
  title   = {Testing automated howlind devices in a wintertime wolf survey},
  journal = {Wildlife Society Bulletin},
  year    = {2013},
  volume  = {37},
  number  = {2},
  pages   = {389-393},
  type    = {Journal Article},
}

@Article{Brennan2015,
  author  = {Brennan, Angela and Cross, Paul C. and Creel, Scott and Stephens, Phil},
  title   = {Managing more than the mean: using quantile regression to identify factors related to large elk groups},
  journal = {Journal of Applied Ecology},
  year    = {2015},
  volume  = {52},
  pages   = {1656-1664},
  doi     = {10.1111/1365-2664.12514},
  issn    = {00218901},
  type    = {Journal Article},
}

@Article{Brennan2013,
  author  = {Brennan, A. and Cross, P. C. and Higgs, Megan and Beckman, J. P. and Klaver, R. W. and Scurlock, B.M. and Creel, S},
  title   = {Inferential consequences of modeling rather than measuring snow accumulation in studies of animal ecology},
  journal = {Ecological Applications},
  year    = {2013},
  volume  = {23},
  number  = {3},
  pages   = {643-653},
  type    = {Journal Article},
}

@Article{Brennan2014,
  author  = {Brennan, Angela and Cross, Paul C. and Higgs, Megan D. and Edwards, W. Henry and Scurlock, Brandon M. and Creel, Scott},
  title   = {A multi-scale assessment of animal aggregation patterns to understand increasing pathogen seroprevalence},
  journal = {Ecosphere},
  year    = {2014},
  volume  = {5},
  number  = {10},
  pages   = {art138},
  doi     = {10.1890/es14-00181.1},
  issn    = {2150-8925},
  type    = {Journal Article},
}

@Article{Bright2013,
  author = {Bright, Patricia R. and Buxton, Herbert T. and Balistrieri, Laurie S. and Barber, Larry B. and Chapelle, Francis H. and Cross, Paul C. and Krabbenhoft, David P. and Plumlee, Geoffrey S. and Sleeman, Jonathan M. and Tillitt, Donald E. and Toccalino, Patricia L. and Winton, James R.},
  title  = {USGS Environmental Health Science Strategy — Providing Environmental Health Science for a Changing World — Public Review Release},
  year   = {2013},
  type   = {Journal Article},
}

@Article{Caron2003,
  author  = {Caron, A. and Cross, Paul Chafee and du Toit, J.T},
  title   = {Ecological implications of bovine tuberculosis in African Buffalo herds},
  journal = {Ecological Applications},
  year    = {2003},
  volume  = {13},
  number  = {5},
  pages   = {1338-1345},
  type    = {Journal Article},
}

@Article{CassirerInReview,
  author  = {Cassirer, EF and Manlove, Kezia R and Almberg, Emily S and Kamath, Pauline and Cox, M and Wolff, P and Roug, A and Plowright, Raina K and Robinson, R and Butler, C and Hudson, Peter J and Cross, Paul C and Dobson, Andrew P. and Besser, T E},
  title   = {A review of pneumonia in bighorn sheep},
  journal = {Journal of Wildlife Management},
  year    = {In Review},
  volume  = {00},
  pages   = {000},
  type    = {Journal Article},
}

@Article{Cassirer2013,
  author  = {Cassirer, E. Frances and Plowright, Raina K. and Manlove, Kezia R. and Cross, Paul C. and Dobson, Andrew P. and Potter, Kathleen A. and Hudson, Peter J. and White, Andrew},
  title   = {Spatio-temporal dynamics of pneumonia in bighorn sheep},
  journal = {Journal of Animal Ecology},
  year    = {2013},
  volume  = {82},
  pages   = {518-528},
  doi     = {10.1111/1365-2656.12031},
  issn    = {00218790},
  type    = {Journal Article},
}

@Article{Cole2015,
  author  = {Cole, Eric K. and Foley, Aaron M. and Warren, Jeffrey M. and Smith, Bruce L. and Dewey, Sarah R. and Brimeyer, Douglas G. and Fairbanks, W. Sue and Sawyer, Hall and Cross, Paul C.},
  title   = {Changing migratory patterns in the Jackson elk herd},
  journal = {The Journal of Wildlife Management},
  year    = {2015},
  volume  = {79},
  number  = {6},
  pages   = {877-886},
  doi     = {10.1002/jwmg.917},
  issn    = {0022541X},
  type    = {Journal Article},
}

@Article{Conner2008,
  author  = {Conner, M. C. and Ebinger, M.R. and Blanchong, J. A. and Cross, P. C.},
  title   = {Infectious Disease in Cervids of North America: Data, Models, and Management Challenges},
  journal = {Annals of the New York Academy of Sciences},
  year    = {2008},
  volume  = {1134},
  pages   = {146-172},
  type    = {Journal Article},
}

@Book{Conner2007,
  title     = {Scale-dependent approaches to modeling spatial epidemiology of chronic wasting disease},
  publisher = {Utah Division of Wildlife Resources},
  year      = {2007},
  author    = {Conner, M M and Gross, JE and Cross, P C and Samuel, M D and McKinnon, DT and Miller, MM},
  type      = {Book},
  url       = {http://wildlife.utah.gov/diseases/cwd/e-book/},
}

@Article{Creech2012,
  author  = {Creech, T and Cross, P. C. and Scurlock, B.M. and Maichak, E.J. and Rogerson, J.D. and Henningsen, J.C. and Creel, S.},
  title   = {Effects of low-density feeding on elk-fetus contact rates on Wyoming feedgrounds},
  journal = {Journal of Wildlife Management},
  year    = {2012},
  volume  = {76},
  number  = {5},
  pages   = {877-886},
  type    = {Journal Article},
}

@Article{Cross2001,
  author  = {Cross, Paul Chafee and Beissinger, S.R.},
  title   = {Using logistic regression to analyze the sensitivity of PVA models: a comparison of methods based on African Wild Dog models},
  journal = {Conservation Biology},
  year    = {2001},
  volume  = {15},
  number  = {5},
  pages   = {1335-1346},
  type    = {Journal Article},
}

@Article{Cross2013b,
  author  = {Cross, Paul C. and Caillaud, Damien and Heisey, Dennis M.},
  title   = {Underestimating the effects of spatial heterogeneity due to individual movement and spatial scale: infectious disease as an example},
  journal = {Landscape Ecology},
  year    = {2013},
  volume  = {28},
  number  = {2},
  pages   = {247:257},
  doi     = {10.1007/s10980-012-9830-4},
  type    = {Journal Article},
  url     = {http://www.springerlink.com/index/10.1007/s10980-012-9830-4},
}

@Article{Cross2010b,
  author  = {Cross, P. C. and Cole, E.K. and Dobson, A.P. and Edwards, W. H. and Hamlin, K. L. and Luikart, G. and Middleton, A.D. and Scurlock, B.M. and White, P.J.},
  title   = {Probable causes of increasing elk brucellosis in the Greater Yellowstone Ecosystem},
  journal = {Ecological Applications},
  year    = {2010},
  volume  = {20},
  number  = {1},
  pages   = {278-288},
  type    = {Journal Article},
}

@Article{Cross2012,
  author  = {Cross, Paul C. and Creech, Tyler Graydon and Ebinger, Michael Ryan and Heisey, Dennis M. and Irvine, K. and Creel, Scott},
  title   = {Wildlife contact analysis: emerging methods, questions, and challenges},
  journal = {Behavioral Ecology and Sociobiolgy},
  year    = {2012},
  volume  = {66},
  number  = {10},
  pages   = {1437-1447},
  type    = {Journal Article},
}

@Article{Cross2013a,
  author  = {Cross, P. C. and Creech, T.G. and Ebinger, M.R. and Manlove, K. and Irvine, K. and Henningsen, J. and Rogerson, J. and Scurlock, B.M. and Creel, S.},
  title   = {Female elk contacts are neither frequency nor density dependent},
  journal = {Ecology},
  year    = {2013},
  volume  = {94},
  number  = {9},
  pages   = {2076-2086},
  type    = {Journal Article},
}

@InBook{Cross2009a,
  chapter   = {2},
  pages     = {9-30},
  title     = {Wildlife population structure and parasite transmission: Implications for disease management},
  publisher = {Springer},
  year      = {2009},
  author    = {Cross, P. C. and Drewe, J. and Patrek, V. and Pearce, G. and Samuel, M. D. and Delahay, R.J.},
  editor    = {Delahay, R.J. and Smith, G. C. and Hutchings, M. R.},
  type      = {Book Section},
  address   = {Tokyo},
  booktitle = {Management of Disease in Wild Mammals},
}

@InBook{Cross2010,
  pages     = {81-94},
  title     = {Brucellosis in Cattle, Bison, and Elk: Management Conflicts in a Society with Diverse Values},
  publisher = {Taylor Trade Publishing},
  year      = {2010},
  author    = {Cross, P. C. and Ebinger, M.R. and Patrek, V. and Wallen, R.},
  editor    = {Johnson, J.},
  type      = {Book Section},
  address   = {Boulder, CO},
  booktitle = {Knowing Yellowstone: Science in America’s First National Park},
}

@Article{Cross2007,
  author  = {Cross, P. C. and Edwards, W. H. and Scurlock, B.M. and Maichak, E.J. and Rogerson, J.D.},
  title   = {Effects of management and climate on elk brucellosis in the Greater Yellowstone Ecosystem},
  journal = {Ecological Applications},
  year    = {2007},
  volume  = {17},
  number  = {4},
  pages   = {957-964},
  type    = {Journal Article},
}

@Article{Cross2006,
  author  = {Cross, Paul Chafee and Getz, W. M.},
  title   = {Assessing vaccination as a control strategy in an ongoing epidemic: Bovine tuberculosis in African Buffalo},
  journal = {Ecological Modelling},
  year    = {2006},
  volume  = {196},
  pages   = {494-504},
  type    = {Journal Article},
}

@Article{Cross2009,
  author  = {Cross, P. C. and Heisey, D.M. and Bowers, Justin A. and Hay, Craig T. and Wolhuter, J. and Buss, P. and Hofmeyr, Markus and Michel, A. and Bengis, R. and Bird, TLF and Whyte, I.J. and Du Toit, J.T and Getz, W. M.},
  title   = {Disease, predation and demography: assessing the impacts of bovine tuberculosis on African buffalo by monitoring at individual and population levels},
  journal = {Journal of Applied Ecology},
  year    = {2009},
  volume  = {46},
  pages   = {467-475},
  type    = {Journal Article},
}

@Article{Cross2010a,
  author  = {Cross, P. C. and Heisey, D.M. and Scurlock, B.M. and Edwards, W. H. and Ebinger, M.R. and Brennan, A.},
  title   = {Mapping brucellosis increases relative to elk density using hierarchical Bayesian models},
  journal = {PLoS ONE},
  year    = {2010},
  volume  = {5},
  number  = {4},
  pages   = {e10322},
  type    = {Journal Article},
}

@Article{Cross2007a,
  author  = {Cross, P. C. and Johnson, Philip L.F. and Lloyd-Smith, J. O. and Getz, W. M.},
  title   = {Utility of R0 as a predictor of disease invasion in structured populations},
  journal = {Journal of the Royal Society Interface},
  year    = {2007},
  volume  = {4},
  pages   = {315-324},
  type    = {Journal Article},
}

@Article{Cross2004,
  author  = {Cross, Paul Chafee and Lloyd-Smith, J. O. and Bowers, Justin and Hay, Craig and Hofmeyr, Markus and Getz, W. M.},
  title   = {Integrating association data and disease dynamics in a social ungulate: bovine tuberculosis in African buffalo in the Kruger National Park},
  journal = {Annales Zoologici Fennici},
  year    = {2004},
  volume  = {41},
  pages   = {879-892},
  type    = {Journal Article},
}

@Article{Cross2005,
  author  = {Cross, Paul Chafee and Lloyd-Smith, James O. and Getz, W.M.},
  title   = {Disentangling association patterns in fission-fusion societies using African buffalo as an example},
  journal = {Animal Behavior},
  year    = {2005},
  volume  = {69},
  number  = {2},
  pages   = {499-506},
  type    = {Journal Article},
}

@Article{Cross2005a,
  author  = {Cross, Paul Chafee and Lloyd-Smith, J. O. and Johnson, Philip L.F. and Getz, W. M.},
  title   = {Duelling timescales of host mixing and disease recovery determine disease invasion in structured populations},
  journal = {Ecology Letters},
  year    = {2005},
  volume  = {8},
  pages   = {587-595},
  type    = {Journal Article},
}

@Article{Cross2013,
  author  = {Cross, P. C. and Maichak, E.J. and Brennan, A. and Scurlock, B.M. and Henningsen, J. and Luikart, G.},
  title   = {An ecological perspective on Brucella abortus in the western United States},
  journal = {Rev sci tech Off int Epiz},
  year    = {2013},
  volume  = {32},
  number  = {1},
  pages   = {79-87},
  type    = {Journal Article},
}

@Article{Cross2015,
  author  = {Cross, Paul C. and Maichak, Eric J. and Rogerson, Jared D. and Irvine, Kathryn M. and Jones, Jennifer D. and Heisey, Dennis M. and Edwards, William H. and Scurlock, Brandon M.},
  title   = {Estimating the phenology of elk brucellosis transmission with hierarchical models of cause-specific and baseline hazards},
  journal = {The Journal of Wildlife Management},
  year    = {2015},
  volume  = {79},
  number  = {5},
  pages   = {739-748},
  doi     = {10.1002/jwmg.883},
  issn    = {0022541X},
  type    = {Journal Article},
}

@Article{Cross2007b,
  author  = {Cross, P. C. and Plumb, G},
  title   = {Wildlife health initiatives in Yellowstone National Park},
  journal = {Yellowstone Science},
  year    = {2007},
  volume  = {15},
  number  = {2},
  pages   = {4-7},
  type    = {Journal Article},
}

@InBook{Toit2017,
  pages     = {395-428},
  title     = {Weaving wildlife into a framework for rangeland resilience},
  publisher = {Springer},
  year      = {2017},
  author    = {du Toit, J.T. and P.C. Cross and Valeix, M.},
  editor    = {Briske, D.D.},
  type      = {Book Section},
  booktitle = {Rangeland Systems: Processes, Management and Challenges},
  doi       = {10.1007/978-3-319-46709-2},
}

@Article{Ebinger2011,
  author  = {Ebinger, Michael Ryan and Cross, Paul C. and Wallen, Rick L. and White, P. J. and Treanor, J.},
  title   = {Simulating sterilization , vaccination , and test-and-remove as brucellosis control measures in bison},
  journal = {Ecological Applications},
  year    = {2011},
  volume  = {21},
  number  = {8},
  pages   = {2944-2959},
  type    = {Journal Article},
}

@Article{Ebinger2016,
  author  = {Ebinger, M. R. and Haroldson, M. A. and van Manen, F. T. and Costello, C. M. and Bjornlie, D. D. and Thompson, D. J. and Gunther, K. A. and Fortin, J. K. and Teisberg, J. E. and Pils, S. R. and White, P. J. and Cain, S. L. and Cross, P. C.},
  title   = {Detecting grizzly bear use of ungulate carcasses using global positioning system telemetry and activity data},
  journal = {Oecologia},
  year    = {2016},
  volume  = {181},
  number  = {3},
  pages   = {695-708},
  doi     = {10.1007/s00442-016-3594-5},
  issn    = {1432-1939 (Electronic)
0029-8549 (Linking)},
  type    = {Journal Article},
  url     = {https://www.ncbi.nlm.nih.gov/pubmed/26971522},
}

@Article{Foley2015,
  author  = {Foley, A. M. and Cross, P. C. and Christianson, D. A. and Scurlock, B. M. and Creel, S.},
  title   = {Influences of supplemental feeding on winter elk calf:cow ratios in the southern Greater Yellowstone Ecosystem},
  journal = {Journal of Wildlife Management},
  year    = {2015},
  volume  = {79},
  number  = {6},
  pages   = {887-897},
  doi     = {10.1002/jwmg.908},
  issn    = {0022-541x},
  type    = {Journal Article},
  url     = {<Go to ISI>://WOS:000358177000004},
}

@Article{Forristal2012,
  author  = {Forristal, V. E. and Creel, S and Taper, M.L. and Scurlock, B.M. and Cross, P. C.},
  title   = {Effects of supplemental feeding and aggregation on fecal glucocorticoid metabolite concentrations in elk},
  journal = {Journal of Wildlife Management},
  year    = {2012},
  volume  = {76},
  number  = {4},
  pages   = {694-702},
  type    = {Journal Article},
}

@Article{Getz2007,
  author  = {Getz, W. M. and Fortmann-Roe, Scott and Cross, P.C. and Lyons, A.J. and Ryan, S.J. and Wilmers, C.C.},
  title   = {LoCoH: nonparameteric kernel methods for constructing home ranges and utilization distributions},
  journal = {PLoS ONE},
  year    = {2007},
  volume  = {2},
  number  = {2},
  pages   = {e207},
  type    = {Journal Article},
}

@InBook{Getz2006,
  pages     = {113-144},
  title     = {Modeling the invasion and spread of contagious disease in heterogeneous populations},
  publisher = {AMS-DIMACS},
  year      = {2006},
  author    = {Getz, Wayne M and Lloyd-Smith, James O and Cross, Paul C and Bar-David, S and Johnson, Philip LF and Porco, Travis C and Sánchez, Maria S},
  editor    = {Feng, Zhilan and Dieckmann, U and Levin, S. A.},
  volume    = {71},
  type      = {Book Section},
  booktitle = {Disease Evolution: Models, Concepts and Data analyses},
}

@Article{Gorsich2015,
  author  = {Gorsich, E. E. and Ezenwa, V. O. and Cross, P. C. and Bengis, R. G. and Jolles, A. E.},
  title   = {Context-dependent survival, fecundity and predicted population-level consequences of brucellosis in African buffalo},
  journal = {J Anim Ecol},
  year    = {2015},
  volume  = {84},
  number  = {4},
  pages   = {999-1009},
  doi     = {10.1111/1365-2656.12356},
  issn    = {1365-2656 (Electronic)
0021-8790 (Linking)},
  type    = {Journal Article},
  url     = {http://www.ncbi.nlm.nih.gov/pubmed/25714466},
}

@Article{Hand2014,
  author  = {Hand, Brian K. and Chen, Shanyuan and Anderson, Neil and Beja-Pereira, Albano and Cross, Paul C. and Ebinger, Michael and Edwards, Hank and Garrott, Robert A. and Kardos, Marty D. and Kauffman, Matt and Landguth, Erin L. and Middleton, Arthur and Scurlock, Brandon and White, P. J. and Zager, Pete and Schwartz, Michael K. and Luikart, Gordon},
  title   = {Sex-biased gene flow among elk in the Greater Yellowstone Ecosystem},
  journal = {Journal of Fish and Wildlife Management},
  year    = {2014},
  volume  = {5},
  number  = {1},
  pages   = {124-132},
  doi     = {10.3996/022012-jfwm-017},
  issn    = {1944-687X},
  type    = {Journal Article},
}

@Article{Hay2008,
  author  = {Hay, Craig T. and Cross, P. C. and Funston, Paul John},
  title   = {Trade-offs between predation and foraging explain sexual segregation in African buffalo},
  journal = {Journal of Animal Ecology},
  year    = {2008},
  volume  = {77},
  pages   = {850-858},
  type    = {Journal Article},
}

@Article{Heisey2010,
  author  = {Heisey, D.M. and Osnas, E. E. and Cross, P. C. and Joly, D.O. and Langenberg, J. A. and Miller, M.W.},
  title   = {Linking process to pattern: estimating spatiotemporal dynamics of a wildlife epidemic from cross-sectional data},
  journal = {Ecological Monographs},
  year    = {2010},
  volume  = {80},
  number  = {2},
  pages   = {221-240},
  type    = {Journal Article},
}

@Article{Heisey2010a,
  author  = {Heisey, D.M. and Osnas, E. E. and Cross, P. C. and Joly, D.O. and Langenberg, J. A. and Miller, M.W.},
  title   = {Rejoiner: sifting through model space},
  journal = {Ecology},
  year    = {2010},
  volume  = {91},
  number  = {12},
  pages   = {3503-3514},
  type    = {Journal Article},
}

@Article{Hines2007,
  author  = {Hines, A.M. and Ezenwa, Vanessa O. and Cross, P. C. and Rogerson, J.D.},
  title   = {Effects of supplemental feeding on gastrointestinal parasite infection in elk (Cervus elaphus): Preliminary observations},
  journal = {Veterinary Parasitology},
  year    = {2007},
  type    = {Journal Article},
}

@Article{Jones2014,
  author  = {Jones, J. D. and Kauffman, M. J. and Monteith, K. L. and Scurlock, B. M. and Albeke, S. E. and Cross, P. C.},
  title   = {Supplemental feeding alters migration of a temperate ungulate},
  journal = {Ecological Applications},
  year    = {2014},
  volume  = {24},
  number  = {7},
  pages   = {1769-1779},
  issn    = {1051-0761},
  type    = {Journal Article},
  url     = {<Go to ISI>://WOS:000342859800015},
}

@Article{Joseph2013,
  author  = {Joseph, Maxwell B. and Mihaljevic, Joseph R. and Arellano, Ana Lisette and Kueneman, Jordan G. and Preston, Daniel L. and Cross, Paul C. and Johnson, Pieter T. J. and Morgan, Eric},
  title   = {Taming wildlife disease: bridging the gap between science and management},
  journal = {Journal of Applied Ecology},
  year    = {2013},
  volume  = {50},
  pages   = {702-712},
  doi     = {10.1111/1365-2664.12084},
  issn    = {00218901},
  type    = {Journal Article},
}

@Article{Kamath2016,
  author  = {Kamath, PL and Foster, JT and Drees, KP and Quance, C and Luikart, G and Anderson, NJ and Clarke, PR and Cole, EK and Edwards, WH and Rhyan, JC and Treanor, JJ and Wallen, RL and Robbe-Austerman, S and Cross, PC},
  title   = {Genomics reveals historic and contemporary transmission dynamics of a bacterial disease among wildlife and livestock},
  journal = {Nature Communications},
  year    = {2016},
  volume  = {7},
  pages   = {11448},
  doi     = {10.1038/ncomms11448},
  type    = {Journal Article},
}

@Article{Kamath2014,
  author  = {Kamath, P. L. and Elleder, D. and Bao, L. and Cross, P. C. and Powell, J. H. and Poss, M.},
  title   = {The population history of endogenous retroviruses in mule deer (Odocoileus hemionus)},
  journal = {J Hered},
  year    = {2014},
  volume  = {105},
  number  = {2},
  pages   = {173-87},
  doi     = {10.1093/jhered/est088},
  issn    = {1465-7333 (Electronic)
0022-1503 (Linking)},
  type    = {Journal Article},
  url     = {http://www.ncbi.nlm.nih.gov/pubmed/24336966},
}

@Article{LaBeaud2011,
  author  = {LaBeaud, A.D. and Cross, P.C. and Getz, W.M. and King, C.H.},
  title   = {Rift Valley Fever Virus infection in African Buffalo (Syncerus caffer) herds in rural South Africa: Evidence of interepidemic transmission},
  journal = {American Journal of Tropical Medicine and Hygiene},
  year    = {2011},
  volume  = {89},
  number  = {4},
  pages   = {641-646},
  type    = {Journal Article},
}

@Article{Leach2016,
  author  = {Leach, C.B. and C.T. Webb and P.C. Cross},
  title   = {When environmentally persistent pathogens transform good habitat into ecological traps},
  journal = {Royal Society Open Science},
  year    = {2016},
  volume  = {3},
  pages   = {160051},
  doi     = {10.1098/rsos.160051},
  type    = {Journal Article},
}

@Article{Lloyd-Smith2005,
  author  = {Lloyd-Smith, J. O. and Cross, P. C. and Briggs, C. J. and Daugherty, M. and Getz, W. M. and Latto, J. and Sanchez, M. S. and Smith, A. B. and Swei, A.},
  title   = {Should we expect population thresholds for wildlife disease?},
  journal = {Trends in Ecology \& Evolution},
  year    = {2005},
  volume  = {20},
  number  = {9},
  pages   = {511-519},
  type    = {Journal Article},
  url     = {<Go to ISI>://000232128300011 },
}

@Article{Macandza2004,
  author  = {Macandza, V. and Owen-Smith, N. and Cross, Paul Chafee},
  title   = {Forage selection by African buffalo (Syncerus caffer) through the dry season in two landscapes of the Kruger National Park},
  journal = {South African Journal of Wildlife Research},
  year    = {2004},
  volume  = {34},
  number  = {2},
  pages   = {113-121},
  type    = {Journal Article},
}

@Article{MaichakAccepted,
  author  = {Maichak, E. J. and Scurlock, B M and Cross, P C and Rogerson, J D and Edwards, W H and Wise, B and Smith, S G and Kreeger, T. J.},
  title   = {Assessment of the Brucella abortus Strain 19 ballistic vaccination program in elk on winter feedgrounds of Wyoming, USA},
  journal = {Wildlife Society Bulletin},
  year    = {Accepted},
  volume  = {00},
  pages   = {000-000},
  type    = {Journal Article},
}

@Article{Maichak2009,
  author  = {Maichak, E.J. and Scurlock, B.M. and Rogerson, J.D. and Meadows, L.L. and Barbknecht, A.E. and Edwards, W. H. and Cross, P. C.},
  title   = {Effects of management, behavior, and scavenging on risk of brucellosis transmission in elk of western Wyoming},
  journal = {Journal of Wildlife Diseases},
  year    = {2009},
  volume  = {45},
  number  = {2},
  pages   = {398-410},
  type    = {Journal Article},
}

@Article{Manlove2016a,
  author  = {Manlove, Kezia and Cassirer, E. Frances and Cross, Paul C. and Plowright, Raina K. and Hudson, Peter J.},
  title   = {Disease introduction is associated with a phase transition in bighorn sheep demographics},
  journal = {Ecology},
  year    = {2016},
  volume  = {97},
  number  = {10},
  pages   = {2593-2602},
  doi     = {10.1002/ecy.1520},
  issn    = {1939-9170},
  type    = {Journal Article},
  url     = {http://dx.doi.org/10.1002/ecy.1520},
}

@Article{Manlove2017,
  author  = {Manlove, Kezia R and Cassirer, E. F. and Plowright, R K and Cross, P C and Hudson, P J},
  title   = {Contact and contagion: Bighorn sheep demographic states vary in probability of transmission given contact},
  journal = {Journal of Animal Ecology},
  year    = {2017},
  volume  = {00},
  pages   = {000-000},
  type    = {Journal Article},
}

@Article{Manlove2016,
  author  = {Manlove, K. R. and Walker, J. G. and Craft, M. E. and Huyvaert, K. P. and Joseph, M. B. and Miller, R. S. and Nol, P. and Patyk, K. A. and O'Brien, D. and Walsh, D. P. and Cross, P. C.},
  title   = {"One Health" or Three? Publication Silos Among the One Health Disciplines},
  journal = {PLoS Biol},
  year    = {2016},
  volume  = {14},
  number  = {4},
  pages   = {e1002448},
  doi     = {10.1371/journal.pbio.1002448},
  issn    = {1545-7885 (Electronic)
1544-9173 (Linking)},
  type    = {Journal Article},
  url     = {http://www.ncbi.nlm.nih.gov/pubmed/27100532},
}

@Article{MerkleInreview,
  author  = {Merkle, JA and Cross, Paul C and Scurlock, Brandon M. and Kauffman, Matt},
  title   = {Linking spring phenology with mechanistic models of elk movement to predict brucellosis transmission risk},
  journal = {Ecological Applications},
  year    = {In review},
  volume  = {00},
  pages   = {000-000},
  type    = {Journal Article},
}

@Article{Michel2006,
  author  = {Michel, A. L. and Bengis, R. G. and Keet, D. F. and Hofmeyr, M. and de Klerk, L. M. and Cross, P. C. and Jolles, A. E. and Cooper, D. and Whyte, I. J. and Buss, P. and Godfroid, J.},
  title   = {Wildlife tuberculosis in South African conservation areas: Implications and challenges},
  journal = {Veterinary Microbiology},
  year    = {2006},
  volume  = {112},
  number  = {2-4},
  pages   = {91-100},
  type    = {Journal Article},
  url     = {<Go to ISI>://000235397400002 },
}

@Article{Oosthuizen2009,
  author  = {Oosthuizen, W.C. and Cross, P.C. and Bowers, J.A. and Hay, Craig and Ebinger, M.R. and Buss, P. and Hofmeyr, Markus and Cameron, E. Z.},
  title   = {Effects of chemical immobilization on survival of African buffalo in the Kruger National Park},
  journal = {Journal of Wildlife Management},
  year    = {2009},
  volume  = {73},
  number  = {1},
  pages   = {149-153},
  type    = {Journal Article},
}

@Article{Pepin2017,
  author  = {Pepin, K. M. and Kay, S. L. and Golas, B. D. and Shriner, S. S. and Gilbert, A. T. and Miller, R. S. and Graham, A. L. and Riley, S. and Cross, P. C. and Samuel, M. D. and Hooten, M. B. and Hoeting, J. A. and Lloyd-Smith, J. O. and Webb, C. T. and Buhnerkempe, M. G.},
  title   = {Inferring infection hazard in wildlife populations by linking data across individual and population scales},
  journal = {Ecology Letters},
  year    = {2017},
  volume  = {00},
  pages   = {000-000},
  doi     = {10.1111/ele.12732},
  issn    = {1461-0248 (Electronic)
1461-023X (Linking)},
  type    = {Journal Article},
  url     = {https://www.ncbi.nlm.nih.gov/pubmed/28090753},
}

@InBook{Plowright2012,
  pages  = {111-121},
  title  = {Anthropogenic change and conservation medicine},
  year   = {2012},
  author = {Plowright, Raina K. and Cross, Paul C. and Tabor, G. M. and Almberg, Emily S. and Bienen, L. and Hudson, Peter J.},
  type   = {Book Section},
}

@Article{Plowright2013,
  author  = {Plowright, R.K. and Manlove, K. and Cassirer, E. F. and Cross, P. C. and Besser, T.E. and Hudson, P.J.},
  title   = {Use of exposure history to identify patters of immunity to pneumonia in bighorn sheep (Ovis canadensis)},
  journal = {PLoS ONE},
  year    = {2013},
  volume  = {8},
  number  = {4},
  pages   = {e61919},
  doi     = {10.1371/journal.pone.0061919.g001},
  type    = {Journal Article},
}

@Article{Polansky2010,
  author  = {Polansky, L. and Wittemyer, G and Cross, P. C. and Tambling, C.J. and Getz, W. M.},
  title   = {From moonlight to movement and synchronized randomness: Fourier and wavelet analyses of animal location time series data},
  journal = {Ecology},
  year    = {2010},
  volume  = {91},
  number  = {5},
  pages   = {1506-1518},
  type    = {Journal Article},
}

@Article{Powell2013,
  author  = {Powell, John H. and Kalinowski, Steven T. and Higgs, Megan D. and Ebinger, Michael R. and Vu, Ninh V. and Cross, Paul C.},
  title   = {Microsatellites indicate minimal barriers to mule deer Odocoileus hemionus dispersal across Montana , USA},
  journal = {Wildlife Biology},
  year    = {2013},
  volume  = {19},
  pages   = {102-110},
  doi     = {10.2981/11-081},
  type    = {Journal Article},
}

@Article{Ryan2012,
  author  = {Ryan, Sadie Jane and Cross, Paul C. and Winnie, John and Hay, Craig and Bowers, Justin and Getz, Wayne M.},
  title   = {The utility of normalized difference vegetation index for predicting African buffalo forage quality},
  journal = {The Journal of Wildlife Management},
  year    = {2012},
  volume  = {76},
  number  = {7},
  pages   = {1499-1508},
  doi     = {10.1002/jwmg.407},
  type    = {Journal Article},
  url     = {http://doi.wiley.com/10.1002/jwmg.407},
}

@Article{SahInreview,
  author  = {Sah, P. and Leu, ST and Cross, P C and Hudson, P J and Bansal, S.},
  title   = {Unraveling the disease consequences and mechanisms of modular structure in animal social networks},
  journal = {Proceedings of the National Academy of Science of the United States of America},
  year    = {In review},
  volume  = {00},
  pages   = {000-000},
  type    = {Journal Article},
}

@Article{Sepulveda2015,
  author  = {Sepúlveda, Maximiliano and Pelican, Katherine and Cross, Paul and Eguren, Antonieta and Singer, Randall},
  title   = {Fine-scale movements of rural free-ranging dogs in conservation areas in the temperate rainforest of the coastal range of southern Chile},
  journal = {Mammalian Biology - Zeitschrift für Säugetierkunde},
  year    = {2015},
  volume  = {80},
  number  = {4},
  pages   = {290-297},
  doi     = {10.1016/j.mambio.2015.03.001},
  issn    = {16165047},
  type    = {Journal Article},
}

@Article{Serrano2011,
  author  = {Serrano, E. and Cross, Paul C. and Beneria, M. and Ficapal, A. and Curia, J. and Marco, X. and Lavín, S. and Marco, I.},
  title   = {Decreasing prevalence of brucellosis in red deer through efforts to control disease in livestock},
  journal = {Epidemiology and infection},
  year    = {2011},
  volume  = {139},
  number  = {10},
  pages   = {1626-1630},
  doi     = {10.1017/S0950268811000951},
  type    = {Journal Article},
  url     = {http://www.ncbi.nlm.nih.gov/pubmed/21676351},
}

@Article{Viana2014,
  author  = {Viana, M. and Mancy, R. and Biek, R. and Cleaveland, S. and Cross, P. C. and Lloyd-Smith, J. O. and Haydon, D. T.},
  title   = {Assembling evidence for identifying reservoirs of infection},
  journal = {Trends Ecol Evol},
  year    = {2014},
  volume  = {29},
  number  = {5},
  pages   = {270-9},
  doi     = {10.1016/j.tree.2014.03.002},
  issn    = {1872-8383 (Electronic)
0169-5347 (Linking)},
  type    = {Journal Article},
  url     = {http://www.ncbi.nlm.nih.gov/pubmed/24726345},
}

@Article{Winnie2008,
  author  = {Winnie, J.A. Jr. and Cross, P. C. and Getz, W. M.},
  title   = {Habitat quality and heterogeneity influence distribution and behavior in African Buffalo (Syncerus caffer)},
  journal = {Ecology},
  year    = {2008},
  volume  = {89},
  number  = {5},
  pages   = {1457-1468},
  type    = {Journal Article},
}

@Article{Wittekindt2010,
  author  = {Wittekindt, N.E. and Padhi, A. and Schuster, S.C. and Qi, J. and Zhao, F. and Tomsho, L. and Kasson, L. and Packard, M. and Cross, P. C. and Poss, M.},
  title   = {Lymph Node meta-transcriptomics: exploring the host microbiome},
  journal = {PLoS ONE},
  year    = {2010},
  volume  = {5},
  number  = {10},
  pages   = {e13432},
  type    = {Journal Article},
}

@Article{Wolhuter2009,
  author  = {Wolhuter, J. and Bengis, R.G. and Reilly, B.K. and Cross, P. C.},
  title   = {Clinical demodicosis in African Buffalo (Syncerus caffer) in the Kruger National Park},
  journal = {Journal of Wildlife Diseases},
  year    = {2009},
  volume  = {45},
  number  = {2},
  pages   = {502-504},
  type    = {Journal Article},
}

@Comment{jabref-meta: databaseType:bibtex;}
